@book{MarchildonQuantumMechanics2002,
  title = {Quantum {{Mechanics}}},
  author = {Marchildon, Louis},
  year = {2002},
  publisher = {{Springer Berlin Heidelberg}},
  address = {{Berlin, Heidelberg}},
  doi = {10.1007/978-3-662-04750-7},
  isbn = {978-3-642-07767-8 978-3-662-04750-7}
}

@book{Cohen-TannoudjiQuantummechanics1993,
  title = {Quantum Mechanics},
  author = {{Cohen-Tannoudji}, Claude and Diu, Bernard and Lalo{\"e}, Franck and Hemley, Susan Reid},
  year = {1993},
  publisher = {{Wiley [u.a.]}},
  address = {{New York, NY}},
  isbn = {978-0-471-56952-7},
  language = {eng},
  series = {A {{Wiley}}-{{Interscience}} Publication}
}

@book{Cohen-TannoudjiQuantummechanicsVol2005,
  title = {Quantum Mechanics. {{Vol}}. 1: ...},
  shorttitle = {Quantum Mechanics. {{Vol}}. 1},
  author = {{Cohen-Tannoudji}, Claude and Diu, Bernard and Lalo{\"e}, Franck},
  year = {2005},
  publisher = {{Wiley [u.a.]}},
  address = {{New York, NY}},
  file = {/Users/Antonius/Bibliotheque/Databases/Zotero/storage/3D2S2WPY/Cohen-Tannoudji et al. - 2005 - Quantum mechanics. Vol. 1 ....pdf},
  isbn = {978-0-471-16433-3},
  language = {eng},
  series = {Textbook Physics}
}

@book{SakuraiModernquantummechanics2009,
  title = {Modern Quantum Mechanics},
  author = {Sakurai, Jun J. and Tuan, San Fu},
  year = {2009},
  edition = {Rev. ed., [reprinted]},
  publisher = {{Addison Wesley Longman}},
  address = {{Reading, Mass.}},
  file = {/Users/Antonius/Bibliotheque/Databases/Zotero/storage/EUFC3GCE/Sakurai and Tuan - 2009 - Modern quantum mechanics.pdf},
  isbn = {978-0-201-53929-5},
  language = {eng}
}
