@book{ashcroft_solid_1976,
	title = {Solid {State} {Physics}},
	isbn = {978-0-03-083993-1},
	publisher = {Saunders College},
	author = {Ashcroft, Neil and Mermin, David},
	year = {1976},
	file = {Ashcroft and Mermin - 1976 - Solid State Physics.pdf:/Users/antonius/Bibliotheque/Databases/Zotero/storage/CRWU2NFM/Ashcroft and Mermin - 1976 - Solid State Physics.pdf:application/pdf}
}


